<record><leader>00000cas a2200000 a 4500</leader><controlfield tag="001">15227961</controlfield><controlfield tag="008">870223d18901903ilucr ne      0   a0eng c</controlfield><datafield ind1=" " ind2=" " tag="010"><subfield code="a">sn 87082256 </subfield></datafield><datafield ind1=" " ind2=" " tag="040"><subfield code="a">NPV</subfield><subfield code="b">eng</subfield><subfield code="c">NPV</subfield><subfield code="d">NPI</subfield><subfield code="d">NVF</subfield><subfield code="d">OCLCQ</subfield><subfield code="d">NVF</subfield><subfield code="d">OCLCF</subfield><subfield code="d">OCLCO</subfield><subfield code="d">NVF</subfield></datafield><datafield ind1=" " ind2=" " tag="042"><subfield code="a">pcc</subfield></datafield><datafield ind1=" " ind2=" " tag="043"><subfield code="a">n-us-il</subfield></datafield><datafield ind1="0" ind2=" " tag="130"><subfield code="a">Belvidere northwestern (Belvidere, Ill. : Semiweekly)</subfield></datafield><datafield ind1="1" ind2="4" tag="245"><subfield code="a">The Belvidere northwestern.</subfield></datafield><datafield ind1=" " ind2=" " tag="260"><subfield code="a">Belvidere, Boone County, Ill. :</subfield><subfield code="b">A.H. Keeler</subfield></datafield><datafield ind1=" " ind2=" " tag="300"><subfield code="a">v.</subfield></datafield><datafield ind1=" " ind2=" " tag="310"><subfield code="a">Semiweekly</subfield></datafield><datafield ind1="1" ind2=" " tag="362"><subfield code="a">Began in 1890; ceased in 1903.</subfield></datafield><datafield ind1=" " ind2=" " tag="500"><subfield code="a">Weekly ed. and semiweekly ed. share one issue per week, &lt;Apr. 12, 1890&gt;-</subfield></datafield><datafield ind1=" " ind2=" " tag="580"><subfield code="a">Weekly ed.: Belvidere northwestern (Belvidere, Ill. : Weekly), 1890-&lt;&gt;</subfield></datafield><datafield ind1=" " ind2=" " tag="580"><subfield code="a">Merged with: Boone County Republican (Belvidere, Ill.), to form: Republican-northwestern.</subfield></datafield><datafield ind1=" " ind2=" " tag="588"><subfield code="a">Description based on: Semiweekly, v. 1, no. 4 (Apr. 12, 1890) = Weekly, v. 24, no. 15.</subfield></datafield><datafield ind1=" " ind2=" " tag="588"><subfield code="a">Latest issue consulted: Semiweekly, v. 1, no. 4 (Apr. 12, 1890) = Weekly, v. 24, no. 15.</subfield></datafield><datafield ind1=" " ind2="0" tag="651"><subfield code="a">Belvidere (Ill.)</subfield><subfield code="v">Newspapers.</subfield></datafield><datafield ind1=" " ind2="0" tag="651"><subfield code="a">Boone County (Ill.)</subfield><subfield code="v">Newspapers.</subfield></datafield><datafield ind1=" " ind2="7" tag="651"><subfield code="a">Illinois</subfield><subfield code="z">Belvidere.</subfield><subfield code="2">fast</subfield><subfield code="0">(OCoLC)fst01217073</subfield></datafield><datafield ind1=" " ind2="7" tag="651"><subfield code="a">Illinois</subfield><subfield code="z">Boone County.</subfield><subfield code="2">fast</subfield><subfield code="0">(OCoLC)fst01210223</subfield></datafield><datafield ind1=" " ind2="7" tag="655"><subfield code="a">Newspapers.</subfield><subfield code="2">fast</subfield><subfield code="0">(OCoLC)fst01423814</subfield></datafield><datafield ind1=" " ind2=" " tag="752"><subfield code="a">United States</subfield><subfield code="b">Illinois</subfield><subfield code="c">Boone County</subfield><subfield code="d">Belvidere.</subfield></datafield><datafield ind1="1" ind2=" " tag="775"><subfield code="t">Belvidere northwestern (Belvidere, Ill. : Weekly)</subfield><subfield code="w">(DLC)sn 84038351</subfield><subfield code="w">(OCoLC)11280861</subfield></datafield><datafield ind1="0" ind2=" " tag="775"><subfield code="t">Belvidere northwestern (Belvidere, Ill. : Daily)</subfield></datafield><datafield ind1="1" ind2="7" tag="785"><subfield code="t">Boone County Republican (Belvidere, Ill.)</subfield><subfield code="w">(DLC)sn 93056118</subfield><subfield code="w">(OCoLC)29328001</subfield></datafield><datafield ind1="1" ind2="7" tag="785"><subfield code="t">Republican-northwestern</subfield><subfield code="w">(DLC)sn 93056119</subfield><subfield code="w">(OCoLC)29328636</subfield></datafield></record>